@misc{nannen,
      title={A {Krylov} Eigenvalue Solver Based on Filtered Time Domain Solutions}, 
      author={Lothar Nannen and Markus Wess},
      year={2024},
      eprint={2402.08515},
      archivePrefix={arXiv},
      primaryClass={math.NA}
}

@misc{numodes,
    title={Numerics of differential equations},
    author={Michael Innerberger and Lothar Nannen and Dirk Praetorius and Alexander Rieder},
    year={2023},
    month={February},
    howpublished = {Lecture notes, TU Wien},
}


@misc{numericsAB,
    title={Numerische {Mathematik} {A}},
    author={Lothar Nannen},
    year={2023},
    month={August},
    howpublished = {Lecture notes, TU Wien},
}

@misc{Jungel,
    title={Partielle
{Differentialgleichungen}},
    author={Ansgar JÃ¼ngel},
    year={2023},
    month={August},
    howpublished = {Lecture notes, TU Wien},
}

@misc{Praetorius,
    title={Numerische {Mathematik} ({WS} 2022/23)},
    author={Dirk Praetorius},
    year={2022},
    howpublished = {Lecture notes, TU Wien},
}